% ICL

@inproceedings{haas-2016,
title = {A Corpus and Semantic Parser for Multilingual Natural Language Querying of OpenStreetMap},
author = {Haas, Carolin and Riezler, Stefan},
year = {2016},
booktitle = {Proceedings of the 15th Annual Conference of the North American Chapter of the Association for Computational Linguistics: Human Language Technologies},
eventtitle = {NAACL-HLT},
venue = {San Diego, CA, USA}
}

@inproceedings{lawrence-2016,
title = {NLmaps: A Natural Language Interface to Query OpenStreetMap},
author = {Lawrence, Carolin and Riezler, Stefan},
year = {2016},
booktitle = {Proceedings of the 26th International Conference on Computational Linguistics},
eventtitle = {COLING},
venue = {Osaka, Japan}
}

@inproceedings{lawrence-2017,
title = {Counterfactual Learning from Bandit Feedback under Deterministic Logging: A Case Study in Statistical Machine Translation},
author = {Lawrence, Carolin and Sokolov, Artem and Riezler, Stefan},
year = {2017},
booktitle = {Proceedings of the 2017 Conference on Empirical Methods in Natural Language Processing},
eventtitle = {EMNLP},
venue = {Copenhagen, Denmark}
}

@inproceedings{lawrence-2018,
title = {Improving a Neural Semantic Parser by Counterfactual Learning from
Human Bandit Feedback},
author = {Lawrence, Carolin and Riezler, Stefan},
year = {2018},
booktitle = {Proceedings of the 56th Annual Meeting of the Association for Computational Linguistics},
eventtitle = {ACL},
venue = {Melbourne, Australia}
}